@online{w1,
    author = {LedgerAcademy},
    title = {Distributed Ledger Meaning},
    date = {2023-07-20},
    url = {https://www.ledger.com/academy/glossary/distributed-ledger},
    note = {Stand: 21.12.2023}
}
@online{w2,
    author = {Majaski, C.},
    title = {Distributed Ledgers: Definition, How They're Used, and Potential},
    date = {2023-06-15},
    url = {https://www.investopedia.com/terms/d/distributed-ledgers.asp},
    note = {Stand: 21.12.2023}
}
@online{w3,
    author = {Tamalio, M.},
    title = {Wie funktioniert die Distributed-Ledger-Technologie?},
    date = {2023-08-17},
    url = {https://btv-bank.de/wissen/distributed-ledger-technologie/},
    note = {Stand: 21.12.2023}
}
@online{w4,
    author = {Ethereum.org},
    title = {Introduction to Smart Contracts},
    date = {2023},
    url = {https://ethereum.org/en/developers/docs/smart-contracts/},
    note = {Stand: 21.12.2023}
}
@online{w5,
    author = {Bianco, A.},
    title = {What are EVM Chains?},
    date = {2023-08-26},
    url = {https://www.datawallet.com/crypto/evm-chains},
    note = {Stand: 21.12.2023}
}
@online{w6,
    author = {Chainlist.org},
    title = {Chainlist - Helping users to connect to EVM powered networks},
    date = {2023},
    url = {https://chainlist.org},
    note = {Stand: 22.12.2023}
}
@online{w7,
    author = {Ethereum.org},
    title = {ERC-20 Token Standart},
    date = {2023},
    url = {https://ethereum.org/en/developers/docs/standards/tokens/erc-20/},
    note = {Stand: 22.12.2023}
}
@online{w8,
    author = {OpenZeppelin},
    title = {ERC20.sol},
    date = {2023},
    url = {https://github.com/OpenZeppelin/openzeppelin-contracts/blob/master/contracts/token/ERC20/ERC20.sol},
    note = {Stand: 22.12.2023}
}

@booklet{q3,
  author         = {Greeh, A.; Camilleri, A.},
  title          = {Blockchain in Education},
  date           = {2017}
}
@booklet{q4,
  author       = {Nakamoto, S.},
  title        = {Bitcoin: A Peer-to-Peer Electronic Cash System},
  date         = {2008-10-31},
}

@book{key2,
  author         = {Test, T.},
  editor         = {btr},
  publisher      = {Springer},
  location       = {},
  title          = {TITLEger},
  edition        = {},
  date           = {2500}
}